@book{10.5555/1869916, author = {Durrett, Rick}, title = {Probability: Theory and Examples}, year = {2010}, isbn = {0521765390}, publisher = {Cambridge University Press}, address = {USA}, edition = {4th}, abstract = {This book is an introduction to probability theory covering laws of large numbers, central limit theorems, random walks, martingales, Markov chains, ergodic theorems, and Brownian motion. It is a comprehensive treatment concentrating on the results that are the most useful for applications. Its philosophy is that the best way to learn probability is to see it in action, so there are 200 examples and 450 problems.} }